@article{anderson,
  title = {The irises of the Gaspé Peninsula},
  author = {{Anderson, Edgar}},
  journal = {Bulleton of the American Iris Society},
  volume = {59},
  year = 1935,
  pages = {2-5}
}

@article{fisher,
  title = {The use of multiple measurements in taxonomic problems},
  author = {{Fisher, Ronald A.}},
  journal = {Annals of Eugenics},
  volume = {7},
  issue = {2},
  year = 1936,
  pages = {179-188}
}

@article{tidydata,
  title = {Tidy data},
  author = {{Wickham, Hadley}},
  journal = {Journal of Statistical Software},
  volume = {59},
  issue = {10},
  year = 2014,
  pages = {179-188},
  doi = {10.18637/jss.v059.i10}
}

@article{adelie_edi,
  title = {Structural size measurements and isotopic signatures of foraging among adult male and female Adélie penguins (Pygoscelis adeliae) nesting along the Palmer Archipelago near Palmer Station, 2007-2009},
  author = {Gorman, K. and Palmer Station LTER},
  journal = {Environmental Data Initiative},
  url = {https://doi.org/10.6073/pasta/98b16d7d563f265cb52372c8ca99e60f}
  }

@article{gentoo_edi,
  title = {Structural size measurements and isotopic signatures of foraging among adult male and female Gentoo penguins (Pygoscelis papua) nesting along the Palmer Archipelago near Palmer Station, 2007-2009},
  author = {Gorman, K. and Palmer Station LTER},
  journal = {Environmental Data Initiative},
  url = {https://doi.org/10.6073/pasta/7fca67fb28d56ee2ffa3d9370ebda689}
  }

@article{chinstrap_edi,
  title = {Structural size measurements and isotopic signatures of foraging among adult male and female Chinstrap penguins (Pygoscelis antarcticus) nesting along the Palmer Archipelago near Palmer Station, 2007-2009},
  author = {Gorman, K. and Palmer Station LTER},
  journal = {Environmental Data Initiative},
  url = {https://doi.org/10.6073/pasta/c14dfcfada8ea13a17536e73eb6fbe9e}
  }

@article{gorman_plos,
  title = {Ecological Sexual Dimorphism and Environmental Variability within a Community of Antarctic Penguins (Genus Pygoscelis)},
  author = {Gorman, KB and Williams, TD and Fraser, WR},
  journal = {PLoS One},
  volume = {9},
  issue = {3},
  year = 2014,
  doi = {https://doi.org/10.1371/journal.pone.0090081}
  }

@article{cafe,
author = {Concetta A. DePaolo and David F. Robinson and Aimee Jacobs},
title = {Café Data 2.0: New Data From a New and Improved Café},
journal = {Journal of Statistics Education},
volume = {24},
number = {2},
pages = {85-103},
year  = {2016},
publisher = {Taylor & Francis},
doi = {10.1080/10691898.2016.1196064},
URL = {https://doi.org/10.1080/10691898.2016.1196064}
}
